@article{data_on_air,
    author    = {Tomasz Imielinski and
                S. Viswanathan and
                B. R. Badrinath},
    title     = {Data on {A}ir: {O}rganization and {A}ccess},
    journal   = {IEEE Trans. Knowl. Data Eng.},
    volume    = {9},
    number    = {3},
    year      = {1997},
    pages     = {353-372},
    ee        = {db/journals/tkde/ImielinskiVB97.html},
    bibsource = {DBLP, http://dblp.uni-trier.de}
}

@inproceedings{DBLP:conf/cikm/HsuLC01,
    author    = {Chih-Hao Hsu and
                Guanling Lee and
                Arbee L. P. Chen},
    title     = {A {N}ear {O}ptimal {A}lgorithm for {G}enerating {B}roadcast {P}rograms
                on {M}ultiple {C}hannels},
    booktitle = {CIKM},
    year      = {2001},
    pages     = {303-309},
    crossref  = {DBLP:conf/cikm/2001},
    bibsource = {DBLP, http://dblp.uni-trier.de}
}

@inproceedings{DBLP:conf/cikm/YeeN03,
    author    = {Wai Gen Yee and
                Shamkant B. Navathe},
    title     = {Efficient {d}ata {a}ccess to {m}ulti-{c}hannel {b}roadcast {p}rograms},
    booktitle = {CIKM},
    year      = {2003},
    pages     = {153-160},
    ee        = {http://doi.acm.org/10.1145/956863.956893},
    crossref  = {DBLP:conf/cikm/2003},
    bibsource = {DBLP, http://dblp.uni-trier.de}
}

@inproceedings{DBLP:conf/mobicom/HameedV97,
    author    = {Sohail Hameed and
                Nitin H. Vaidya},
    title     = {Log-{T}ime {A}lgorithms for {S}cheduling {S}ingle and {M}ultiple {C}hannel
                {D}ata {B}roadcast},
    booktitle = {MOBICOM},
    year      = {1997},
    pages     = {90-99},
    ee        = {http://doi.acm.org/10.1145/262116.262136},
    bibsource = {DBLP, http://dblp.uni-trier.de}
}

@ARTICLE{16350,
    author  =   {Wong, J.W.},
    journal =   {Proceedings of the IEEE}, title={Broadcast delivery},
    year    ={1988},
    month   ={dec},
    volume  ={76},
    number  ={12},
    pages   ={1566 -1577},
    doi     ={10.1109/5.16350},
    ISSN    ={0018-9219},}

@ARTICLE{
    signature_and_caching,
    author = {Wang-Chien Lee and Dik Lun Lee},
    title = {Using {S}ignature and {C}aching {T}echniques for {I}nformation {F}iltering in {W}ireless and {M}obile {E}nvironments},
    journal = {ACM Journal of Wireless Networks},
    year = {1996},
    volume = {5},
    pages = {57--67}
}

@article{
    DBLP:journals/tmc/KuZW08,
    author    = {Wei-Shinn Ku and
                Roger Zimmermann and
                Haixun Wang},
    title     = {Location-{B}ased {S}patial {Q}uery {P}rocessing in {W}ireless {B}roadcast
                {E}nvironments},
    journal   = {IEEE Trans. Mob. Comput.},
    volume    = {7},
    number    = {6},
    year      = {2008},
    pages     = {778-791},
    ee        = {http://doi.ieeecomputersociety.org/10.1109/TMC.2007.70791},
    bibsource = {DBLP, http://dblp.uni-trier.de}
}

@article{
    dsi,
    author    = {Baihua Zheng and
                Wang-Chien Lee and
                Ken C. K. Lee and
                Dik Lun Lee and
                Min Shao},
    title     = {A {d}istributed {s}patial {i}ndex for {e}rror-{p}rone {w}ireless {d}ata
                {b}roadcast},
    journal   = {VLDB J.},
    volume    = {18},
    number    = {4},
    year      = {2009},
    pages     = {959-986},
    ee        = {http://dx.doi.org/10.1007/s00778-009-0137-2},
    bibsource = {DBLP, http://dblp.uni-trier.de}
}

@inproceedings{
    DBLP:conf/cikm/Hara02,
    author    = {Takahiro Hara},
    title     = {Cooperative {c}aching by {m}obile {c}lients in {p}ush-{b}ased {i}nformation
                {s}ystems},
    booktitle = {CIKM},
    year      = {2002},
    pages     = {186-193},
    ee        = {http://doi.acm.org/10.1145/584792.584825},
    crossref  = {DBLP:conf/cikm/2002},
    bibsource = {DBLP, http://dblp.uni-trier.de}
}

@inproceedings
{
    skyline_operator,
    author    = {Stephan B{\"o}rzs{\"o}nyi and
                Donald Kossmann and
                Konrad Stocker},
    title     = {The {S}kyline {O}perator},
    booktitle = {ICDE},
    year      = {2001},
    pages     = {421-430},
    ee        = {http://doi.ieeecomputersociety.org/10.1109/ICDE.2001.914855},
    crossref  = {DBLP:conf/icde/2001},
    bibsource = {DBLP, http://dblp.uni-trier.de}
}

@inproceedings
{
    shooting_stars,
    author    = {Donald Kossmann and
                Frank Ramsak and
                Steffen Rost},
    title     = {Shooting {S}tars in the {S}ky: {A}n {O}nline {A}lgorithm for {S}kyline
               {Q}ueries},
    booktitle = {VLDB},
    year      = {2002},
    pages     = {275-286},
    ee        = {http://www.vldb.org/conf/2002/S09P01.pdf},
    crossref  = {DBLP:conf/vldb/2002},
    bibsource = {DBLP, http://dblp.uni-trier.de}
}

@article
{
    progressive_skyline,
    author    = {Dimitris Papadias and
                Yufei Tao and
                Greg Fu and
                Bernhard Seeger},
    title     = {Progressive {s}kyline {c}omputation in {d}atabase {s}ystems},
    journal   = {ACM Trans. Database Syst.},
    volume    = {30},
    number    = {1},
    year      = {2005},
    pages     = {41-82},
    ee        = {http://doi.acm.org/10.1145/1061318.1061320},
    bibsource = {DBLP, http://dblp.uni-trier.de}
}

@INPROCEEDINGS
{
    Lin05stabbingthe,
    author    = {Xuemin Lin and
                Yidong Yuan and
                Wei Wang and
                Hongjun Lu},
    title     = {Stabbing the {S}ky: Efficient {S}kyline {C}omputation over {S}liding
               {W}indows},
    booktitle = {ICDE},
    year      = {2005},
    pages     = {502-513},
    ee        = {http://csdl.computer.org/comp/proceedings/icde/2005/2285/00/22850502abs.htm},
    crossref  = {DBLP:conf/icde/2005},
    bibsource = {DBLP, http://dblp.uni-trier.de}
}

@ARTICLE{
    Tao06maintainingsliding,
    author    = {Yufei Tao and
                Dimitris Papadias},
    title     = {Maintaining {S}liding {W}indow {S}kylines on {D}ata {S}treams},
    journal   = {IEEE Trans. Knowl. Data Eng.},
    volume    = {18},
    number    = {2},
    year      = {2006},
    pages     = {377-391},
    ee        = {http://doi.ieeecomputersociety.org/10.1109/TKDE.2006.48},
    bibsource = {DBLP, http://dblp.uni-trier.de}
}

@INPROCEEDINGS
{
    Balke04efficientdistributed,
    author    = {Wolf-Tilo Balke and
                Ulrich G{\"u}ntzer and
                Jason Xin Zheng},
    title     = {Efficient {D}istributed {S}kylining for {W}eb {I}nformation {S}ystems},
    booktitle = {EDBT},
    year      = {2004},
    pages     = {256-273},
    ee        = {http://springerlink.metapress.com/openurl.asp?genre=article{\&}issn=0302-9743{\&}volume=2992{\&}spage=256},
    crossref  = {DBLP:conf/edbt/2004},
    bibsource = {DBLP, http://dblp.uni-trier.de}
}

@inproceedings
{
    Seong:2009:ESQ:1644993.1645022,
    author = {Seong, Dong Ook and Park, Jun Ho and Yeo, Myung Ho and Yoo, Jae Soo},
    title = {An {e}nergy-{e}fficient {s}kyline {q}uery {p}rocessing {m}ethod {u}sing {p}riority-{b}ased {b}ottom-{u}p {f}iltering},
    booktitle = {Proceedings of the 2009 International Conference on Hybrid Information Technology},
    series = {ICHIT '09},
    year = {2009},
    isbn = {978-1-60558-662-5},
    location = {Daejeon, Korea},
    pages = {159--162},
    numpages = {4},
    url = {http://doi.acm.org/10.1145/1644993.1645022},
    doi = {http://doi.acm.org/10.1145/1644993.1645022},
    acmid = {1645022},
    publisher = {ACM},
    address = {New York, NY, USA},
    keywords = {filtering, priority, skyline query, wireless sensor networks},
}

@inproceedings
{
    Ha:2009:EEP:1616994.1617050,
    author    = {JongWoo Ha and
                Yoon Kwon and
                Jae-Ho Choi and
                SangKeun Lee},
    title     = {Energy {E}fficient and {P}rogressive {S}trategy for {P}rocessing
               {S}kyline {Q}ueries on {A}ir},
    booktitle = {DEXA},
    year      = {2009},
    pages     = {486-500},
    ee        = {http://dx.doi.org/10.1007/978-3-642-03573-9_42},
    crossref  = {DBLP:conf/dexa/2009},
    bibsource = {DBLP, http://dblp.uni-trier.de}
}

@article
{
    Bentley:1975:MBS:361002.361007,
    author    = {Jon Louis Bentley},
    title     = {Multidimensional {B}inary {S}earch {T}rees {U}sed for {A}ssociative
                {S}earching},
    journal   = {Commun. ACM},
    volume    = {18},
    number    = {9},
    year      = {1975},
    pages     = {509-517},
    ee        = {db/journals/cacm/Bentley75.html},
    bibsource = {DBLP, http://dblp.uni-trier.de}
}

@inproceedings{
    DBLP:conf/sigmod/Guttman84,
    author    = {Antonin Guttman},
    title     = {R-{T}rees: {A} {D}ynamic {I}ndex {S}tructure for {S}patial {S}earching},
    booktitle = {SIGMOD Conference},
    year      = {1984},
    pages     = {47-57},
    ee        = {http://doi.acm.org/10.1145/602259.602266, db/conf/sigmod/Guttman84.html},
    crossref  = {DBLP:conf/sigmod/84},
    bibsource = {DBLP, http://dblp.uni-trier.de}
}

@inproceedings{
    DBLP:conf/vldb/SellisRF87,
    author    = {Timos K. Sellis and
                Nick Roussopoulos and
                Christos Faloutsos},
    title     = {The {R}+-{T}ree: A {D}ynamic {I}ndex for {M}ulti-{D}imensional {O}bjects},
    booktitle = {VLDB},
    year      = {1987},
    pages     = {507-518},
    ee        = {db/conf/vldb/SellisRF87.html},
    crossref  = {DBLP:conf/vldb/87},
    bibsource = {DBLP, http://dblp.uni-trier.de}
}

@inproceedings
{
    Beckmann:1990:RER:93597.98741,
    author    = {Norbert Beckmann and
                Hans-Peter Kriegel and
                Ralf Schneider and
                Bernhard Seeger},
    title     = {The {R}*-{T}ree: An {E}fficient and {R}obust {A}ccess {M}ethod for {P}oints
                and {R}ectangles},
    booktitle = {SIGMOD Conference},
    year      = {1990},
    pages     = {322-331},
    ee        = {http://doi.acm.org/10.1145/93597.98741, db/conf/sigmod/BeckmannKSS90.html},
    crossref  = {DBLP:conf/sigmod/90},
    bibsource = {DBLP, http://dblp.uni-trier.de}
}

@ARTICLE
{
    Kung75onfinding,
    author    = {H. T. Kung and
                Fabrizio Luccio and
                Franco P. Preparata},
    title     = {On {F}inding the {M}axima of a {S}et of {V}ectors},
    journal   = {J. ACM},
    volume    = {22},
    number    = {4},
    year      = {1975},
    pages     = {469-476},
    ee        = {http://doi.acm.org/10.1145/321906.321910},
    bibsource = {DBLP, http://dblp.uni-trier.de}
}

@inproceedings{conf/vldb/GodfreySG05,
  author    = {Parke Godfrey and
               Ryan Shipley and
               Jarek Gryz},
  title     = {{Maximal Vector Computation in Large Data Sets}},
  booktitle = {VLDB},
  year      = {2005},
  pages     = {229-240}
}
